<?xml version="1.0" encoding="UTF-8"?><collection xmlns="http://www.loc.gov/MARC21/slim"><record><leader>00498nam--2200193-i-4500</leader><controlfield tag="001">000030687</controlfield><controlfield tag="002">20161230</controlfield><controlfield tag="005">20161230201038</controlfield><controlfield tag="008">060222s1000------------r-----000-0-rum-d</controlfield><datafield ind1=" " ind2=" " tag="040"><subfield code="a">IFIN-HH</subfield></datafield><datafield ind1=" " ind2=" " tag="041"><subfield code="a">rum</subfield></datafield><datafield ind1=" " ind2=" " tag="080"><subfield code="a">537.533.35</subfield></datafield><datafield ind1="1" ind2=" " tag="100"><subfield code="a">Petrea, I</subfield></datafield><datafield ind1="1" ind2="0" tag="245"><subfield code="a">Elemente de microscopie electronica</subfield><subfield code="c">I. petrea; b. litvac</subfield></datafield><datafield ind1=" " ind2=" " tag="260"><subfield code="a">Timisoara</subfield><subfield code="b">Lito. Instutul De Medicina</subfield><subfield code="c">1962</subfield></datafield><datafield ind1=" " ind2=" " tag="300"><subfield code="a">155P</subfield></datafield><datafield ind1="1" ind2=" " tag="700"><subfield code="a">Litvac, B</subfield></datafield><datafield ind1=" " ind2=" " tag="852"><subfield code="a">8562</subfield><subfield code="c">537.533.35</subfield></datafield><datafield ind1=" " ind2=" " tag="CAT"><subfield code="a">Sys</subfield><subfield code="c">20101116</subfield><subfield code="h">151840</subfield></datafield></record></collection>